<?xml version="1.0" encoding="UTF-8"?><record xmlns="http://www.loc.gov/MARC21/slim" xmlns:cinclude="http://apache.org/cocoon/include/1.0" xmlns:zs="http://www.loc.gov/zing/srw/">
  <leader>00561cz  a2200145n  4500</leader>
  <controlfield tag="001">n 2004074707</controlfield>
  <controlfield tag="003">DLC</controlfield>
  <controlfield tag="005">20040910092445.0</controlfield>
  <controlfield tag="008">040909n| acannaabn          |a aaa      </controlfield>
  <datafield tag="010" ind1=" " ind2=" ">
    <subfield code="a">n 2004074707</subfield>
  </datafield>
  <datafield tag="040" ind1=" " ind2=" ">
    <subfield code="a">DLC</subfield>
    <subfield code="b">eng</subfield>
    <subfield code="c">DLC</subfield>
    <subfield code="d">DLC</subfield>
  </datafield>
  <datafield tag="100" ind1="1" ind2=" ">
    <subfield code="a">Petit, Thomas</subfield>
  </datafield>
  <datafield tag="400" ind1="1" ind2=" ">
    <subfield code="a">Petyt, Thomas</subfield>
  </datafield>
  <datafield tag="670" ind1=" " ind2=" ">
    <subfield code="a">England. The great charter called in Latyn Magna Carta, with diuers olde statutes whose titles appere in the next leaf, 1542:</subfield>
    <subfield code="b">colophon (T. Petyt)</subfield>
  </datafield>
  <datafield tag="670" ind1=" " ind2=" ">
    <subfield code="a">McKerrow, R.B. Printers' &amp; publishers' devices, 2003</subfield>
    <subfield code="b">p. 29, 206 (Thomas Petit, printed in London 1536-1554)</subfield>
  </datafield>
</record>